@Manual{moroz17,
    title = {lingtypology: easy mapping for Linguistic Typology},
    author = {George Moroz},
    year = {2017},
    url = {https://CRAN.R-project.org/package=lingtypology},
  }
